@misc{osti_1202268,
    author = "Persson, Kristin",
    title = "Materials Data on MoS2 (SG:194) by Materials Project",
    HOWPUBLISHED = "\url{https://materialsproject.org/docs/calculations}",
    doi = "10.17188/1202268",
    place = "United States",
    year = "2016",
    month = "4"
}

@article{SSSP,
    author = "G. Prandini and A. Marrazzo and I. E. Castelli and N. Mounet and N. Marzari",
    title = "Precision and efficiency in solid-state pseudopotential calculations",
    doi = "10.1038/s41524-018-0127-2",
    journal = "npj Comput Mater",
    year = "2018",
    number = "4", 
    volume = "72"
}

@article{MoPP,
title = {Optimization algorithm for the generation of ONCV pseudopotentials},
journal = {Computer Physics Communications},
volume = {196},
pages = {36-44},
year = {2015},
issn = {0010-4655},
doi = {https://doi.org/10.1016/j.cpc.2015.05.011},
url = {https://www.sciencedirect.com/science/article/pii/S0010465515001897},
author = {Martin Schlipf and François Gygi}
}

article{SPP,
title = {Pseudopotentials for high-throughput DFT calculations},
journal = {Computational Materials Science},
volume = {81},
pages = {446-452},
year = {2014},
issn = {0927-0256},
doi = {https://doi.org/10.1016/j.commatsci.2013.08.053},
url = {https://www.sciencedirect.com/science/article/pii/S0927025613005077},
author = {Kevin F. Garrity and Joseph W. Bennett and Karin M. Rabe and David Vanderbilt},
keywords = {Pseudopotentials, High-throughput, Density functional theory}
}

@article{SeeK,
title = {Band structure diagram paths based on crystallography},
journal = {Computational Materials Science},
volume = {128},
pages = {140-184},
year = {2017},
issn = {0927-0256},
doi = {https://doi.org/10.1016/j.commatsci.2016.10.015},
url = {https://www.sciencedirect.com/science/article/pii/S0927025616305110},
author = {Yoyo Hinuma and Giovanni Pizzi and Yu Kumagai and Fumiyasu Oba and Isao Tanaka}
}

@misc{qetuto,
title = {HANDS-ON TUTORIAL OF QUANTUM ESPRESSO},
HOWPUBLISHED = {\url{http://www.fisica.uniud.it/~giannozz/QE-Tutorial/}}
}

@article{Molina,
title = {Vibrational and optical properties of MoS2: From monolayer to bulk},
journal = {Surface Science Reports},
volume = {70},
number = {4},
pages = {554-586},
year = {2015},
issn = {0167-5729},
doi = {https://doi.org/10.1016/j.surfrep.2015.10.001},
url = {https://www.sciencedirect.com/science/article/pii/S016757291500028X},
author = {Alejandro Molina-Sánchez and Kerstin Hummer and Ludger Wirtz}
}

@misc{Hans,
author = {Tornatzky, Hans and Gillen, Roland and Uchiyama, Hiroshi and Maultzsch, Janina},
year = {2018},
month = {09},
title = {Phonon dispersion of MoS2}
}

@misc{PhDisp,
author = {Tornatzky and Hans and Gillen and Roland and Uchiyama, Hiroshi and Maultzsch and Janina},
year = {2018},
month = {09},
title = {Phonon dispersion of MoS2}
}

@misc{castep,
title = {Introduction to DFT and the plane-wave pseudopotential method},
HOWPUBLISHED = {\url{https://www.archer.ac.uk/training/course-material/2014/04/PMMP_UCL/Slides/castep_1.pdf}}
}

@article{vesta,
author = "Momma and Koichi and Izumi and Fujio",
title = "{{\it VESTA3} for three-dimensional visualization of crystal, volumetric and morphology data}",
journal = "Journal of Applied Crystallography",
year = "2011",
volume = "44",
number = "6",
pages = "1272--1276",
month = "Dec",
doi = {10.1107/S0021889811038970},
url = {https://doi.org/10.1107/S0021889811038970}
}